<?xml version="1.0" encoding="UTF-8"?><collection xmlns="http://www.loc.gov/MARC21/slim"><record><leader>00539nam--2200181-i-4500</leader><controlfield tag="001">000017153</controlfield><controlfield tag="002">20161230</controlfield><controlfield tag="005">20161230201032</controlfield><controlfield tag="008">060222s1000------------r-----000-0-ger-d</controlfield><datafield ind1=" " ind2=" " tag="040"><subfield code="a">IFIN-HH</subfield></datafield><datafield ind1=" " ind2=" " tag="041"><subfield code="a">ger</subfield></datafield><datafield ind1=" " ind2=" " tag="080"><subfield code="a">539.971(O43)</subfield></datafield><datafield ind1="1" ind2=" " tag="100"><subfield code="a">Bitzer, Thomas</subfield></datafield><datafield ind1="1" ind2="0" tag="245"><subfield code="a">Elektrochemische oberflachenmodifizierung von siliziumeinkristallen:eine oberflachenanalytis che untersuchung</subfield><subfield code="b">Dissertation</subfield><subfield code="c">Thomas bitzer</subfield></datafield><datafield ind1=" " ind2=" " tag="260"><subfield code="a">Berlin</subfield><subfield code="b">Universitat</subfield><subfield code="c">1992</subfield></datafield><datafield ind1=" " ind2=" " tag="300"><subfield code="a">148 P</subfield></datafield><datafield ind1=" " ind2=" " tag="852"><subfield code="a">80086</subfield><subfield code="c">539.2</subfield></datafield><datafield ind1=" " ind2=" " tag="CAT"><subfield code="a">Sys</subfield><subfield code="c">20121203</subfield><subfield code="h">174345</subfield></datafield></record></collection>